%YAML 1.1
%TAG !u! tag:unity3d.com,2011:
--- !u!1 &312681447
GameObject:
  m_ObjectHideFlags: 0
  m_CorrespondingSourceObject: {fileID: 0}
  m_PrefabInstance: {fileID: 0}
  m_PrefabAsset: {fileID: 0}
  serializedVersion: 6
  m_Component:
  - component: {fileID: 312681448}
  - component: {fileID: 312681449}
  - component: {fileID: 423874218729643002}
  - component: {fileID: 3211554446729613757}
  m_Layer: 10
  m_Name: PirateInteraction
  m_TagString: Player
  m_Icon: {fileID: 0}
  m_NavMeshLayer: 0
  m_StaticEditorFlags: 0
  m_IsActive: 1
--- !u!4 &312681448
Transform:
  m_ObjectHideFlags: 0
  m_CorrespondingSourceObject: {fileID: 0}
  m_PrefabInstance: {fileID: 0}
  m_PrefabAsset: {fileID: 0}
  m_GameObject: {fileID: 312681447}
  m_LocalRotation: {x: 0, y: 0, z: 0, w: 1}
  m_LocalPosition: {x: 0, y: 0, z: 0}
  m_LocalScale: {x: 1, y: 1, z: 1}
  m_Children: []
  m_Father: {fileID: 2356704494513965978}
  m_RootOrder: 1
  m_LocalEulerAnglesHint: {x: 0, y: 0, z: 0}
--- !u!61 &312681449
BoxCollider2D:
  m_ObjectHideFlags: 0
  m_CorrespondingSourceObject: {fileID: 0}
  m_PrefabInstance: {fileID: 0}
  m_PrefabAsset: {fileID: 0}
  m_GameObject: {fileID: 312681447}
  m_Enabled: 1
  m_Density: 1
  m_Material: {fileID: 0}
  m_IsTrigger: 1
  m_UsedByEffector: 0
  m_UsedByComposite: 0
  m_Offset: {x: 0, y: -0.06}
  m_SpriteTilingProperty:
    border: {x: 0, y: 0, z: 0, w: 0}
    pivot: {x: 0, y: 0}
    oldSize: {x: 0, y: 0}
    newSize: {x: 0, y: 0}
    adaptiveTilingThreshold: 0
    drawMode: 0
    adaptiveTiling: 0
  m_AutoTiling: 0
  serializedVersion: 2
  m_Size: {x: 0.58, y: 0.9}
  m_EdgeRadius: 0
--- !u!114 &423874218729643002
MonoBehaviour:
  m_ObjectHideFlags: 0
  m_CorrespondingSourceObject: {fileID: 0}
  m_PrefabInstance: {fileID: 0}
  m_PrefabAsset: {fileID: 0}
  m_GameObject: {fileID: 312681447}
  m_Enabled: 1
  m_EditorHideFlags: 0
  m_Script: {fileID: 11500000, guid: 2809b9b4c167606469559e45ded21f64, type: 3}
  m_Name: 
  m_EditorClassIdentifier: 
  rumTag: RUM
  pirateTag: Player
  pirateState: 2
  timeStunned: 30
  repairDuration: 1
  characterAnim: {fileID: 2390304415996126970}
  stun_sfx:
  - {fileID: 8300000, guid: 644eaa813e4cd4a4bad4494f89f85e9f, type: 3}
  - {fileID: 8300000, guid: 32416fc3d57f38b4cb01147e7b15c2dc, type: 3}
  - {fileID: 8300000, guid: fbda2754406dbff41b69d8f011172b14, type: 3}
  - {fileID: 8300000, guid: b18c3c87c04dc3c45ac197f9dec87f89, type: 3}
  repair_sfx:
  - {fileID: 8300000, guid: a34940045f1242245a03d0470a3997dc, type: 3}
  - {fileID: 8300000, guid: 31c8e1b35c08942468b7024c0331c31e, type: 3}
  - {fileID: 8300000, guid: 4e72f79a48138b3489f202f6a610d809, type: 3}
  - {fileID: 8300000, guid: 9a99a1369b4aa494087d0cdfd1a5fb4c, type: 3}
  - {fileID: 8300000, guid: 383feff8c1f951245b5411f236d58874, type: 3}
  drink_rum_sfx: {fileID: 8300000, guid: b8b2a8ee96cefdc4384137e325ca998e, type: 3}
  grab_rum_sfx: {fileID: 8300000, guid: b966e29391c2c33448db467494210ed5, type: 3}
  aux: {fileID: 3211554446729613757}
--- !u!82 &3211554446729613757
AudioSource:
  m_ObjectHideFlags: 0
  m_CorrespondingSourceObject: {fileID: 0}
  m_PrefabInstance: {fileID: 0}
  m_PrefabAsset: {fileID: 0}
  m_GameObject: {fileID: 312681447}
  m_Enabled: 1
  serializedVersion: 4
  OutputAudioMixerGroup: {fileID: 0}
  m_audioClip: {fileID: 0}
  m_PlayOnAwake: 1
  m_Volume: 0.712
  m_Pitch: 1
  Loop: 0
  Mute: 0
  Spatialize: 0
  SpatializePostEffects: 0
  Priority: 128
  DopplerLevel: 1
  MinDistance: 1
  MaxDistance: 500
  Pan2D: 0
  rolloffMode: 0
  BypassEffects: 0
  BypassListenerEffects: 0
  BypassReverbZones: 0
  rolloffCustomCurve:
    serializedVersion: 2
    m_Curve:
    - serializedVersion: 3
      time: 0
      value: 1
      inSlope: 0
      outSlope: 0
      tangentMode: 0
      weightedMode: 0
      inWeight: 0.33333334
      outWeight: 0.33333334
    - serializedVersion: 3
      time: 1
      value: 0
      inSlope: 0
      outSlope: 0
      tangentMode: 0
      weightedMode: 0
      inWeight: 0.33333334
      outWeight: 0.33333334
    m_PreInfinity: 2
    m_PostInfinity: 2
    m_RotationOrder: 4
  panLevelCustomCurve:
    serializedVersion: 2
    m_Curve:
    - serializedVersion: 3
      time: 0
      value: 0
      inSlope: 0
      outSlope: 0
      tangentMode: 0
      weightedMode: 0
      inWeight: 0.33333334
      outWeight: 0.33333334
    m_PreInfinity: 2
    m_PostInfinity: 2
    m_RotationOrder: 4
  spreadCustomCurve:
    serializedVersion: 2
    m_Curve:
    - serializedVersion: 3
      time: 0
      value: 0
      inSlope: 0
      outSlope: 0
      tangentMode: 0
      weightedMode: 0
      inWeight: 0.33333334
      outWeight: 0.33333334
    m_PreInfinity: 2
    m_PostInfinity: 2
    m_RotationOrder: 4
  reverbZoneMixCustomCurve:
    serializedVersion: 2
    m_Curve:
    - serializedVersion: 3
      time: 0
      value: 1
      inSlope: 0
      outSlope: 0
      tangentMode: 0
      weightedMode: 0
      inWeight: 0.33333334
      outWeight: 0.33333334
    m_PreInfinity: 2
    m_PostInfinity: 2
    m_RotationOrder: 4
--- !u!82 &3855841794481266426
AudioSource:
  m_ObjectHideFlags: 0
  m_CorrespondingSourceObject: {fileID: 0}
  m_PrefabInstance: {fileID: 0}
  m_PrefabAsset: {fileID: 0}
  m_GameObject: {fileID: 2359466348019784598}
  m_Enabled: 1
  serializedVersion: 4
  OutputAudioMixerGroup: {fileID: 0}
  m_audioClip: {fileID: 0}
  m_PlayOnAwake: 0
  m_Volume: 1
  m_Pitch: 1
  Loop: 0
  Mute: 0
  Spatialize: 0
  SpatializePostEffects: 0
  Priority: 128
  DopplerLevel: 1
  MinDistance: 1
  MaxDistance: 500
  Pan2D: 0
  rolloffMode: 0
  BypassEffects: 0
  BypassListenerEffects: 0
  BypassReverbZones: 0
  rolloffCustomCurve:
    serializedVersion: 2
    m_Curve:
    - serializedVersion: 3
      time: 0
      value: 1
      inSlope: 0
      outSlope: 0
      tangentMode: 0
      weightedMode: 0
      inWeight: 0.33333334
      outWeight: 0.33333334
    - serializedVersion: 3
      time: 1
      value: 0
      inSlope: 0
      outSlope: 0
      tangentMode: 0
      weightedMode: 0
      inWeight: 0.33333334
      outWeight: 0.33333334
    m_PreInfinity: 2
    m_PostInfinity: 2
    m_RotationOrder: 4
  panLevelCustomCurve:
    serializedVersion: 2
    m_Curve:
    - serializedVersion: 3
      time: 0
      value: 0
      inSlope: 0
      outSlope: 0
      tangentMode: 0
      weightedMode: 0
      inWeight: 0.33333334
      outWeight: 0.33333334
    m_PreInfinity: 2
    m_PostInfinity: 2
    m_RotationOrder: 4
  spreadCustomCurve:
    serializedVersion: 2
    m_Curve:
    - serializedVersion: 3
      time: 0
      value: 0
      inSlope: 0
      outSlope: 0
      tangentMode: 0
      weightedMode: 0
      inWeight: 0.33333334
      outWeight: 0.33333334
    m_PreInfinity: 2
    m_PostInfinity: 2
    m_RotationOrder: 4
  reverbZoneMixCustomCurve:
    serializedVersion: 2
    m_Curve:
    - serializedVersion: 3
      time: 0
      value: 1
      inSlope: 0
      outSlope: 0
      tangentMode: 0
      weightedMode: 0
      inWeight: 0.33333334
      outWeight: 0.33333334
    m_PreInfinity: 2
    m_PostInfinity: 2
    m_RotationOrder: 4
--- !u!114 &4673563143035387581
MonoBehaviour:
  m_ObjectHideFlags: 0
  m_CorrespondingSourceObject: {fileID: 0}
  m_PrefabInstance: {fileID: 0}
  m_PrefabAsset: {fileID: 0}
  m_GameObject: {fileID: 2359466348019784598}
  m_Enabled: 1
  m_EditorHideFlags: 0
  m_Script: {fileID: 11500000, guid: 41cb199f4e0ac3f438b95dcc7e89378e, type: 3}
  m_Name: 
  m_EditorClassIdentifier: 
  sprites:
  - {fileID: -4482817568808162010, guid: 631411b08cd02f14bbbdb7ac25604763, type: 3}
  - {fileID: -8284582215004811307, guid: 631411b08cd02f14bbbdb7ac25604763, type: 3}
  - {fileID: 2868016532750832603, guid: 631411b08cd02f14bbbdb7ac25604763, type: 3}
  - {fileID: 725502648258770453, guid: 631411b08cd02f14bbbdb7ac25604763, type: 3}
  - {fileID: -2128882801806954532, guid: 631411b08cd02f14bbbdb7ac25604763, type: 3}
  - {fileID: -1772671090880068847, guid: 631411b08cd02f14bbbdb7ac25604763, type: 3}
  - {fileID: 2843202564009279709, guid: 631411b08cd02f14bbbdb7ac25604763, type: 3}
  - {fileID: -7154177939132676244, guid: 631411b08cd02f14bbbdb7ac25604763, type: 3}
  - {fileID: 8612430368270089643, guid: 631411b08cd02f14bbbdb7ac25604763, type: 3}
  - {fileID: 405233248304861215, guid: 631411b08cd02f14bbbdb7ac25604763, type: 3}
  - {fileID: 1518499193993659785, guid: 631411b08cd02f14bbbdb7ac25604763, type: 3}
  - {fileID: 6556019110388221050, guid: 631411b08cd02f14bbbdb7ac25604763, type: 3}
  - {fileID: -7377324316391798114, guid: 631411b08cd02f14bbbdb7ac25604763, type: 3}
  - {fileID: 7536797251016674892, guid: 631411b08cd02f14bbbdb7ac25604763, type: 3}
  - {fileID: 3397663213723999731, guid: 631411b08cd02f14bbbdb7ac25604763, type: 3}
  - {fileID: 2924553303593973309, guid: dd2b2a66a75e0784dba30a2ff061c68e, type: 3}
--- !u!1 &8952995963479465982
GameObject:
  m_ObjectHideFlags: 0
  m_CorrespondingSourceObject: {fileID: 0}
  m_PrefabInstance: {fileID: 0}
  m_PrefabAsset: {fileID: 0}
  serializedVersion: 6
  m_Component:
  - component: {fileID: 411592588453687230}
  - component: {fileID: 5641687549486369671}
  m_Layer: 15
  m_Name: LadderBlock
  m_TagString: Untagged
  m_Icon: {fileID: 0}
  m_NavMeshLayer: 0
  m_StaticEditorFlags: 0
  m_IsActive: 1
--- !u!4 &411592588453687230
Transform:
  m_ObjectHideFlags: 0
  m_CorrespondingSourceObject: {fileID: 0}
  m_PrefabInstance: {fileID: 0}
  m_PrefabAsset: {fileID: 0}
  m_GameObject: {fileID: 8952995963479465982}
  m_LocalRotation: {x: 0, y: 0, z: 0, w: 1}
  m_LocalPosition: {x: 0, y: -0.401, z: 0}
  m_LocalScale: {x: 1, y: 1, z: 1}
  m_Children: []
  m_Father: {fileID: 2356704494513965978}
  m_RootOrder: 2
  m_LocalEulerAnglesHint: {x: 0, y: 0, z: 0}
--- !u!61 &5641687549486369671
BoxCollider2D:
  m_ObjectHideFlags: 0
  m_CorrespondingSourceObject: {fileID: 0}
  m_PrefabInstance: {fileID: 0}
  m_PrefabAsset: {fileID: 0}
  m_GameObject: {fileID: 8952995963479465982}
  m_Enabled: 1
  m_Density: 1
  m_Material: {fileID: 0}
  m_IsTrigger: 0
  m_UsedByEffector: 0
  m_UsedByComposite: 0
  m_Offset: {x: 0, y: 0}
  m_SpriteTilingProperty:
    border: {x: 0, y: 0, z: 0, w: 0}
    pivot: {x: 0, y: 0}
    oldSize: {x: 0, y: 0}
    newSize: {x: 0, y: 0}
    adaptiveTilingThreshold: 0
    drawMode: 0
    adaptiveTiling: 0
  m_AutoTiling: 0
  serializedVersion: 2
  m_Size: {x: 0.5, y: 0.2}
  m_EdgeRadius: 0
--- !u!1001 &2358476905336700988
PrefabInstance:
  m_ObjectHideFlags: 0
  serializedVersion: 2
  m_Modification:
    m_TransformParent: {fileID: 0}
    m_Modifications:
    - target: {fileID: 1262357808126890, guid: 488fef3a70db04a7d975594f7ab7ce56, type: 3}
      propertyPath: m_Layer
      value: 9
      objectReference: {fileID: 0}
    - target: {fileID: 1262357808126890, guid: 488fef3a70db04a7d975594f7ab7ce56, type: 3}
      propertyPath: m_Name
      value: Pirate_01
      objectReference: {fileID: 0}
    - target: {fileID: 1872324591488810, guid: 488fef3a70db04a7d975594f7ab7ce56, type: 3}
      propertyPath: m_IsActive
      value: 0
      objectReference: {fileID: 0}
    - target: {fileID: 4024761065458598, guid: 488fef3a70db04a7d975594f7ab7ce56, type: 3}
      propertyPath: m_LocalPosition.x
      value: -3.88
      objectReference: {fileID: 0}
    - target: {fileID: 4024761065458598, guid: 488fef3a70db04a7d975594f7ab7ce56, type: 3}
      propertyPath: m_LocalPosition.y
      value: -0.04
      objectReference: {fileID: 0}
    - target: {fileID: 4024761065458598, guid: 488fef3a70db04a7d975594f7ab7ce56, type: 3}
      propertyPath: m_LocalPosition.z
      value: 0
      objectReference: {fileID: 0}
    - target: {fileID: 4024761065458598, guid: 488fef3a70db04a7d975594f7ab7ce56, type: 3}
      propertyPath: m_LocalRotation.x
      value: -0
      objectReference: {fileID: 0}
    - target: {fileID: 4024761065458598, guid: 488fef3a70db04a7d975594f7ab7ce56, type: 3}
      propertyPath: m_LocalRotation.y
      value: -0
      objectReference: {fileID: 0}
    - target: {fileID: 4024761065458598, guid: 488fef3a70db04a7d975594f7ab7ce56, type: 3}
      propertyPath: m_LocalRotation.z
      value: -0
      objectReference: {fileID: 0}
    - target: {fileID: 4024761065458598, guid: 488fef3a70db04a7d975594f7ab7ce56, type: 3}
      propertyPath: m_LocalRotation.w
      value: 1
      objectReference: {fileID: 0}
    - target: {fileID: 4024761065458598, guid: 488fef3a70db04a7d975594f7ab7ce56, type: 3}
      propertyPath: m_RootOrder
      value: 0
      objectReference: {fileID: 0}
    - target: {fileID: 50271368488489786, guid: 488fef3a70db04a7d975594f7ab7ce56,
        type: 3}
      propertyPath: m_SleepingMode
      value: 0
      objectReference: {fileID: 0}
    - target: {fileID: 70072209468978094, guid: 488fef3a70db04a7d975594f7ab7ce56,
        type: 3}
      propertyPath: m_Size.y
      value: 0.89
      objectReference: {fileID: 0}
    - target: {fileID: 70072209468978094, guid: 488fef3a70db04a7d975594f7ab7ce56,
        type: 3}
      propertyPath: m_Offset.y
      value: -0.04
      objectReference: {fileID: 0}
    - target: {fileID: 95502617506151546, guid: 488fef3a70db04a7d975594f7ab7ce56,
        type: 3}
      propertyPath: m_Controller
      value: 
      objectReference: {fileID: 9100000, guid: a4db9cf29bf074e41a49a603556398f1, type: 2}
    - target: {fileID: 114086076410299948, guid: 488fef3a70db04a7d975594f7ab7ce56,
        type: 3}
      propertyPath: foot_sfx.Array.size
      value: 4
      objectReference: {fileID: 0}
    - target: {fileID: 114086076410299948, guid: 488fef3a70db04a7d975594f7ab7ce56,
        type: 3}
      propertyPath: ground_layer.m_Bits
      value: 2304
      objectReference: {fileID: 0}
    - target: {fileID: 114086076410299948, guid: 488fef3a70db04a7d975594f7ab7ce56,
        type: 3}
      propertyPath: pirateInteraction
      value: 
      objectReference: {fileID: 423874218729643002}
    - target: {fileID: 114086076410299948, guid: 488fef3a70db04a7d975594f7ab7ce56,
        type: 3}
      propertyPath: move_deccel
      value: 60
      objectReference: {fileID: 0}
    - target: {fileID: 114086076410299948, guid: 488fef3a70db04a7d975594f7ab7ce56,
        type: 3}
      propertyPath: aux
      value: 
      objectReference: {fileID: 3855841794481266426}
    - target: {fileID: 114086076410299948, guid: 488fef3a70db04a7d975594f7ab7ce56,
        type: 3}
      propertyPath: foot_sfx.Array.data[0]
      value: 
      objectReference: {fileID: 8300000, guid: ad19cb460c3bb7d4b82a09327f880dd8, type: 3}
    - target: {fileID: 114086076410299948, guid: 488fef3a70db04a7d975594f7ab7ce56,
        type: 3}
      propertyPath: foot_sfx.Array.data[1]
      value: 
      objectReference: {fileID: 8300000, guid: 12952c2f5539bb343a4fbe09a67bdf62, type: 3}
    - target: {fileID: 114086076410299948, guid: 488fef3a70db04a7d975594f7ab7ce56,
        type: 3}
      propertyPath: foot_sfx.Array.data[2]
      value: 
      objectReference: {fileID: 8300000, guid: adf09e75bb320c14ca633554da13c705, type: 3}
    - target: {fileID: 114086076410299948, guid: 488fef3a70db04a7d975594f7ab7ce56,
        type: 3}
      propertyPath: foot_sfx.Array.data[3]
      value: 
      objectReference: {fileID: 8300000, guid: 913adfdb167d5fd44a6c850c8018290f, type: 3}
    - target: {fileID: 212331576666244696, guid: 488fef3a70db04a7d975594f7ab7ce56,
        type: 3}
      propertyPath: m_Sprite
      value: 
      objectReference: {fileID: -4482817568808162010, guid: 631411b08cd02f14bbbdb7ac25604763,
        type: 3}
    - target: {fileID: 212331576666244696, guid: 488fef3a70db04a7d975594f7ab7ce56,
        type: 3}
      propertyPath: m_SortingOrder
      value: 50
      objectReference: {fileID: 0}
    m_RemovedComponents: []
  m_SourcePrefab: {fileID: 100100000, guid: 488fef3a70db04a7d975594f7ab7ce56, type: 3}
--- !u!1 &2359466348019784598 stripped
GameObject:
  m_CorrespondingSourceObject: {fileID: 1262357808126890, guid: 488fef3a70db04a7d975594f7ab7ce56,
    type: 3}
  m_PrefabInstance: {fileID: 2358476905336700988}
  m_PrefabAsset: {fileID: 0}
--- !u!4 &2356704494513965978 stripped
Transform:
  m_CorrespondingSourceObject: {fileID: 4024761065458598, guid: 488fef3a70db04a7d975594f7ab7ce56,
    type: 3}
  m_PrefabInstance: {fileID: 2358476905336700988}
  m_PrefabAsset: {fileID: 0}
--- !u!114 &2390304415996126970 stripped
MonoBehaviour:
  m_CorrespondingSourceObject: {fileID: 114541676939290310, guid: 488fef3a70db04a7d975594f7ab7ce56,
    type: 3}
  m_PrefabInstance: {fileID: 2358476905336700988}
  m_PrefabAsset: {fileID: 0}
  m_GameObject: {fileID: 2359466348019784598}
  m_Enabled: 1
  m_EditorHideFlags: 0
  m_Script: {fileID: 11500000, guid: a5421e96f16710b4f81fe0ad10b67abf, type: 3}
  m_Name: 
  m_EditorClassIdentifier: 
